<record><leader>00000cas a22000007a 4500</leader><controlfield tag="001">8814943</controlfield><controlfield tag="008">820928d185u1940iauwr ne      0    0eng  </controlfield><datafield ind1=" " ind2=" " tag="010"><subfield code="a">sn 82015852 </subfield></datafield><datafield ind1=" " ind2=" " tag="040"><subfield code="a">DLC</subfield><subfield code="b">eng</subfield><subfield code="c">DLC</subfield><subfield code="d">NPU</subfield><subfield code="d">NPX</subfield><subfield code="d">INP</subfield><subfield code="d">DLC</subfield><subfield code="d">OCLCQ</subfield></datafield><datafield ind1=" " ind2=" " tag="042"><subfield code="a">msc</subfield></datafield><datafield ind1="0" ind2="0" tag="050"><subfield code="a">Newspaper 7768-X</subfield></datafield><datafield ind1="0" ind2=" " tag="130"><subfield code="a">Keosauqua Republican (Keosauqua, Iowa : 1859)</subfield></datafield><datafield ind1="1" ind2="0" tag="245"><subfield code="a">Keosauqua Republican.</subfield></datafield><datafield ind1="1" ind2="3" tag="246"><subfield code="a">Republican</subfield></datafield><datafield ind1="1" ind2="7" tag="246"><subfield code="a">Keosauqua weekly Republican</subfield></datafield><datafield ind1=" " ind2=" " tag="260"><subfield code="a">Keosauqua, Iowa :</subfield><subfield code="b">J. Mayne</subfield></datafield><datafield ind1=" " ind2=" " tag="300"><subfield code="a">v. :</subfield><subfield code="b">ill. ;</subfield><subfield code="c">59-66 cm.</subfield></datafield><datafield ind1=" " ind2=" " tag="310"><subfield code="a">Weekly</subfield></datafield><datafield ind1="1" ind2=" " tag="362"><subfield code="a">Ceased in July 1940.</subfield></datafield><datafield ind1=" " ind2=" " tag="500"><subfield code="a">"Weekly" appears in title ornament, &lt;July 26-Sept. 13, 1871&gt;.</subfield></datafield><datafield ind1=" " ind2=" " tag="500"><subfield code="a">Special "Anniversary edition" published Aug. 15, 1935.</subfield></datafield><datafield ind1=" " ind2=" " tag="500"><subfield code="a">Publisher varies.</subfield></datafield><datafield ind1=" " ind2=" " tag="500"><subfield code="a">"Republican."</subfield></datafield><datafield ind1=" " ind2=" " tag="588"><subfield code="a">Description based on: Vol. 4, no. 23 (Mar. 19, 1859).</subfield></datafield><datafield ind1=" " ind2=" " tag="752"><subfield code="a">United States</subfield><subfield code="b">Iowa</subfield><subfield code="c">Van Buren</subfield><subfield code="d">Keosauqua.</subfield></datafield><datafield ind1="0" ind2="0" tag="780"><subfield code="t">Keosauqua weekly Republican</subfield><subfield code="w">(DLC)sn 87057238</subfield></datafield><datafield ind1="0" ind2="7" tag="785"><subfield code="t">Van Buren record</subfield><subfield code="w">(DLC)sn 87058007</subfield></datafield><datafield ind1="0" ind2="7" tag="785"><subfield code="t">Van Buren record and Keosauqua Republican</subfield><subfield code="w">(DLC)sn 87058008</subfield></datafield><datafield ind1="1" ind2=" " tag="029"><subfield code="a">AU@</subfield><subfield code="b">000025834713</subfield></datafield></record>